@article{Cerfontaine2021,
  title = {Filter {{Functions}} for {{Quantum Processes}} under {{Correlated Noise}}},
  author = {Cerfontaine, Pascal and Hangleiter, Tobias and Bluhm, Hendrik},
  date = {2021-10-18},
  journaltitle = {Physical Review Letters},
  shortjournal = {Phys. Rev. Lett.},
  volume = {127},
  number = {17},
  pages = {170403},
  publisher = {American Physical Society},
  issn = {0031-9007},
  doi = {10.1103/PhysRevLett.127.170403},
  url = {https://link.aps.org/doi/10.1103/PhysRevLett.127.170403}
}

@article{Descamps2024,
  title = {Millikelvin Confocal Microscope with Free-Space Access and High-Frequency Electrical Control},
  author = {Descamps, Thomas and Liu, Feng and Hangleiter, Tobias and Kindel, Sebastian and Kardyna≈Ç, Beata E. and Bluhm, Hendrik},
  date = {2024-08-09},
  journaltitle = {Review of Scientific Instruments},
  shortjournal = {Rev. Sci. Instrum.},
  volume = {95},
  number = {8},
  pages = {083706},
  issn = {0034-6748},
  doi = {10.1063/5.0200889},
  url = {https://doi.org/10.1063/5.0200889},
  urldate = {2024-08-12}
}

@article{Hangleiter2021,
  title = {Filter-Function Formalism and Software Package to Compute Quantum Processes of Gate Sequences for Classical Non-{{Markovian}} Noise},
  author = {Hangleiter, Tobias and Cerfontaine, Pascal and Bluhm, Hendrik},
  date = {2021-10-18},
  journaltitle = {Physical Review Research},
  shortjournal = {Phys. Rev. Research},
  volume = {3},
  number = {4},
  pages = {043047},
  issn = {2643-1564},
  doi = {10.1103/PhysRevResearch.3.043047},
  url = {https://link.aps.org/doi/10.1103/PhysRevResearch.3.043047},
  urldate = {2022-01-19},
  langid = {english}
}
